@inproceedings{church1974,
  title={The maximal covering location problem},
  author={Church, Richard and ReVelle, Charles},
  booktitle={Papers of the regional science association},
  volume={32},
  number={1},
  pages={101--118},
  year={1974},
  organization={Springer-Verlag}
}